@article{farrell2011programming,
  title={Programming Logic and Design, Introductory},
  author={Farrell, Joyce and Director, Art and Falco, Marissa},
  year={2011}
}