@article{Melo2009,
author = {Melo, M.T. and Nickel, S. and Saldanha-da-Gama, F.},
doi = {10.1016/j.ejor.2008.05.007},
issn = {03772217},
journal = {European Journal of Operational Research},
month = jul,
number = {2},
pages = {401--412},
publisher = {Elsevier B.V.},
title = {{Facility location and supply chain management -- A review}},
url = {http://linkinghub.elsevier.com/retrieve/pii/S0377221708004104},
volume = {196},
year = {2009}
}

