@misc{sergiomonsalve,
  author = 	 {Sergio Andrés Monsalve--Castañeda},
  title = 	 {Titulo del documento},
  howpublished = {\url{http://monsalve.com.co}},
  year = {2013}
},

@misc{Codingbat,
	author = {},
	title = {CodingBat Python},
	howpublished = {\url{http://codingbat.com/python}},
	month = {},
	year = {},
	note = {(Accessed on 02/20/2016)}
}