@misc{Ejerc68:online,
author = {},
title = {Ejercicios (1). Listas. Python. Bartolom√© Sintes Marco},
howpublished = {\url{http://www.mclibre.org/consultar/python/ejercicios/ej_listas.html}},
month = {},
year = {},
note = {(Accessed on 04/21/2016)}
}