@misc{sergiomonsalve,
  author = 	 {Sergio Andrés Monsalve--Castañeda},
  title = 	 {Titulo del documento},
  howpublished = {\url{http://monsalve.com.co}},
  year = {2013}
}
